@book{forte_1980,
  place     = {New Haven},
  title     = {The structure of atonal music},
  publisher = {Yale Univ. Press},
  author    = {Forte, Allen},
  year      = {1980}
}

@article{lewin_1990,
  title   = {Klumpenhouwer Networks and Some Isographies That Involve Them},
  volume  = {12},
  doi     = {10.2307/746147},
  number  = {1},
  journal = {Music Theory Spectrum},
  author  = {Lewin, David},
  year    = {1990},
  pages   = {83–120}
}

@article{PAAE2016,
  title   = {From K-Nets to PK-Nets: A Categorical Approach},
  volume  = {54},
  doi     = {10.7757/persnewmusi.54.2.0005},
  number  = {2},
  journal = {Perspectives of New Music},
  author  = {Popoff, Alexandre and Agon, Carlos and Andreatta, Moreno and Ehresmann, Andrée},
  year    = {2016},
  pages   = {5}
}

@article{rahn_lewin_1987,
  title   = {Generalized Musical Intervals and Transformations},
  volume  = {31},
  doi     = {10.2307/843712},
  number  = {2},
  journal = {Journal of Music Theory},
  author  = {Rahn, John and Lewin, David},
  year    = {1987},
  pages   = {305}
}