@book{forte_1980,
  place     = {New Haven},
  title     = {The structure of atonal music},
  publisher = {Yale Univ. Press},
  author    = {Forte, Allen},
  year      = {1980}
}



@article{hyland2007category,
  title     = {The category theoretic understanding of universal algebra: Lawvere theories and monads},
  author    = {Hyland, Martin and Power, John},
  journal   = {Electronic Notes in Theoretical Computer Science},
  volume    = {172},
  pages     = {437--458},
  year      = {2007},
  publisher = {Elsevier}
}

@article{johnstone1993fibrations,
  title     = {Fibrations and partial products in a 2-category},
  author    = {Johnstone, Peter T},
  journal   = {Applied Categorical Structures},
  volume    = {1},
  number    = {2},
  pages     = {141--179},
  year      = {1993},
  publisher = {Springer}
}

@article{katsumata_2014,
  title   = {Parametric effect monads and semantics of effect systems},
  volume  = {49},
  doi     = {10.1145/2578855.2535846},
  number  = {1},
  journal = {ACM SIGPLAN Notices},
  author  = {Katsumata, Shin-Ya},
  year    = {2014},
  pages   = {633–645}
}

@inproceedings{kelly1974review,
  title        = {Review of the elements of 2-categories},
  author       = {Kelly, G Max and Street, Ross},
  booktitle    = {Category seminar},
  pages        = {75--103},
  year         = {1974},
  organization = {Springer}
}

@book{lane_1971,
  place     = {New York},
  title     = {Categories for the working mathematician},
  publisher = {Springer},
  author    = {LANE, Saunders MAC},
  year      = {1971}
}


@article{lewin_1990,
  title   = {Klumpenhouwer Networks and Some Isographies That Involve Them},
  volume  = {12},
  doi     = {10.2307/746147},
  number  = {1},
  journal = {Music Theory Spectrum},
  author  = {Lewin, David},
  year    = {1990},
  pages   = {83–120}
}

@article{MDJL2010,
  title   = {A generic deriving mechanism for Haskell},
  doi     = {10.1145/1863523.1863529},
  journal = {Proceedings of the third ACM Haskell symposium on Haskell - Haskell 10},
  author  = {Magalhães, José Pedro and Dijkstra, Atze and Jeuring, Johan and Löh, Andres},
  year    = {2010}
}

@article{nolan2007thoughts,
  title   = {Thoughts on Klumpenhouwer networks and mathematical models: The synergy of sets and graphs},
  author  = {Nolan, Catherine and others},
  journal = {Music Theory Online},
  volume  = {13},
  number  = {3},
  year    = {2007}
}

@article{PAAE2016,
  title   = {From K-Nets to PK-Nets: A Categorical Approach},
  volume  = {54},
  doi     = {10.7757/persnewmusi.54.2.0005},
  number  = {2},
  journal = {Perspectives of New Music},
  author  = {Popoff, Alexandre and Agon, Carlos and Andreatta, Moreno and Ehresmann, Andrée},
  year    = {2016},
  pages   = {5}
}

@inproceedings{popoff2015categorical,
  title        = {A categorical generalization of Klumpenhouwer networks},
  author       = {Popoff, Alexandre and Andreatta, Moreno and Ehresmann, Andr{\'e}e},
  booktitle    = {International Conference on Mathematics and Computation in Music},
  pages        = {303--314},
  year         = {2015},
  organization = {Springer}
}

@article{popoff2016relational,
  title   = {Relational PK-Nets for transformational music analysis},
  author  = {Popoff, Alexandre and Andreatta, Moreno and Ehresmann, Andr{\'e}e},
  journal = {arXiv preprint arXiv:1611.02249},
  year    = {2016}
}

@article{rahn_lewin_1987,
  title   = {Generalized Musical Intervals and Transformations},
  volume  = {31},
  doi     = {10.2307/843712},
  number  = {2},
  journal = {Journal of Music Theory},
  author  = {Rahn, John and Lewin, David},
  year    = {1987},
  pages   = {305}
}

@article{roberts2007inner,
  title   = {The inner automorphism 3-group of a strict 2-group},
  author  = {Roberts, David and Schreiber, Urs},
  journal = {arXiv preprint arXiv:0708.1741},
  year    = {2007}
}

@article{wakamatsu1980note,
  title     = {Note on adjoints},
  author    = {Wakamatsu, Takayoshi},
  journal   = {Communications in Algebra},
  volume    = {8},
  number    = {8},
  pages     = {707--716},
  year      = {1980},
  publisher = {Taylor \& Francis}
}